% Encoding: UTF-8

@Book{kiencke2008,
  title     = {Signalverarbeitung: Zeit-Frequenz-Analyse und Schätzverfahren},
  publisher = {Oldenbourg Wissenschaftsverlag},
  year      = {2008},
  author    = {Uwe Kiencke AND Thomas Weickert AND Michael Schwarz},
}

@Book{puente2015,
  title     = {Messtechnik: Systemtheorie für Ingenieure und Informatiker},
  publisher = {Springer Vieweg},
  year      = {2015},
  author    = {Fernando Puente Léon},
}

@Book{werner2008,
  title     = {Signale und Systeme: Lehr- und Arbeitsbuch mit MATLAB-Übungen und Lösungen},
  publisher = {Vieweg+teubner},
  year      = {2008},
  author    = {Martin Werner},
}

@book{kiencke2008signale,
  title={Signale und Systeme},
  author={Kiencke, U. and J{\"a}kel, H.},
  year={2008},
  publisher={De Gruyter}
}

@book{puente2017,
  title     = {Praxis der Digitalen Signalverarbeitung},
  publisher = {KIT scientific publishing},
  year      = {2017},
  author    = {Fernando Puente Léon AND Sebastian Bauer},
}

@Book{lapidoth2009,
  title     = {A Foundation in Digital Communication},
  publisher = {Cambridge University Press},
  year      = {2009},
  author    = {Amos Lapidoth},
}

@Comment{jabref-meta: databaseType:bibtex;}
